@book{Chang14,
    title={Economics: The User's Guide},
    author={Ha-Joon Chang},
    publisher={Penguin},
    year={2014}
}

@book{Floud14,
    title={The {Cambridge} economic history of modern {Britain}},
    author={Roderick Floud and Jane Humphries and Paul Johnson},
    publisher={Cambridge University Press},
    isbn={9781107038455},
    year={2014}
}

@book{Lamport86,
    title={{LaTeX}---a document preparation system---user's guide and reference manual},
    author={Lamport, L.},
    publisher={Addison-Wesley},
    year={1986}
}

@report{Moore95,
    title={How to prepare a dissertation in {LaTeX}},
    author={Moore, S.W.},
    year={1995}
}

@report{Richards15,
    title={How to write a dissertation in {LaTeX}},
    author={Richards, Martin},
    year={2015}
}

@book{Mankiw14,
    title={Macroeconomics},
    author={N. Gregory Mankiw and Mark P. Taylor},
    edition={European},
    publisher={Worth Publishers},
    isbn={978-1464141775},
    year={2014}
}
